@article{R1,
author = {Rivera, J. A. and Blum, P. and Bayer, P.},
title = {Ground energy balance for borehole heat exchangers: Vertical fluxes, groundwater and storage},
journal = {Renewable Energy},
volume = {83},
pages = {1341-1351},
ISSN = {0960-1481},
DOI = {10.1016/j.renene.2015.05.051},
url = {<Go to ISI>://WOS:000358455100130},
year = {2015},
type = {Journal Article}
}

@article{R2,
author = {Moradi, A. and Smits, K. M. and Massey, J. and Cihan, A. and McCartney, J.},
title = {Impact of coupled heat transfer and water flow on soil borehole thermal energy storage (SBTES) systems: Experimental and modeling investigation},
journal = {Geothermics},
volume = {57},
pages = {56-72},
ISSN = {0375-6505},
DOI = {10.1016/j.geothermics.2015.05.007},
year = {2015},
type = {Journal Article}
}

@article{R7,
author = {Picard, Damien and Helsen, Lieve and Ashrae},
title = {A New Hybrid Model For Borefield Heat Exchangers Performance Evaluation},
journal = {Ashrae Transactions 2014, Vol 120, Pt 2},
volume = {120},
number = {2},
ISSN = {0001-2505},
url = {<Go to ISI>://WOS:000346573500045},
year = {2014},
type = {Journal Article}
}


@article{R10,
author = {Dehkordi, S. E. and Schincariol, R. A. and Olofsson, B.},
title = {Impact of Groundwater Flow and Energy Load on Multiple Borehole Heat Exchangers},
journal = {Groundwater},
volume = {53},
number = {4},
pages = {558-571},
ISSN = {0017-467X},
DOI = {10.1111/gwat.12256},
url = {<Go to ISI>://WOS:000357284700011},
year = {2015},
type = {Journal Article}
}

@article{R11,
author = {Lee, C. K.},
title = {Effects of multiple ground layers on thermal response test analysis and ground-source heat pump simulation},
journal = {Applied Energy},
volume = {88},
number = {12},
pages = {4405-4410},
ISSN = {0306-2619},
DOI = {10.1016/j.apenergy.2011.05.023},
url = {<Go to ISI>://WOS:000295387200016},
year = {2011},
type = {Journal Article}
}

@article{R23,
author = {Bauer, D. and Heidemann, W. and MÃ¼ller-Steinhagen, H. and Diersch, H. J. G.},
title = {Thermal resistance and capacity models for borehole heat exchangers},
journal = {International Journal of Energy Research},
volume = {35},
number = {4},
pages = {312-320},
ISSN = {0363907X},
DOI = {10.1002/er.1689},
year = {2011},
type = {Journal Article}
}

@article{R25,
author = {Picard, Damien and Helsen, Lieve},
title = {Advanced Hybrid Model for Borefield Heat Exchanger Performance Evaluation, an Implementation in Modelica},
year = {2014},
type = {Journal Article}
}



@article{R28,
author = {van der Heijde, Bram and Carrascal Lecumberri, Edorta and Helsen, Lieve},
title = {Experimental Method for the State of Charge Determination of a Thermally Activated Building System (TABS)},
year = {2015},
type = {Journal Article}
}

                  
                  
